@article{longtail,
  author =       "Kreuter MW and Hovmand P and Pfeiffer DJ and Fairchild M and Rath S and Golla B and Casey C",
  title =        "The ``long tail`` and public health: new thinking for addressing health disparities",
  journal =      "Am J Public Health",
  volume =       "104",
  number =       "12",
  pages =        "2271--2278",
  year =         "2014",
  DOI =          "10.2105/AJPH.2014.302039",
  keywords =     "public health"
}

@article{sampling,
author = {Kotsiantis, Sotiris and Kanellopoulos, D. and Pintelas, P.},
year = {2005},
month = {11},
pages = {25-36},
title = {Handling imbalanced datasets: A review},
volume = {30},
journal = {GESTS International Transactions on Computer Science and Engineering}
}
@article{smote,
author = {Chawla, Nitesh and Bowyer, Kevin and Hall, Lawrence and Kegelmeyer, W.},
year = {2002},
month = {06},
pages = {321-357},
title = {SMOTE: Synthetic Minority Over-sampling Technique},
volume = {16},
journal = {J. Artif. Intell. Res. (JAIR)},
doi = {10.1613/jair.953}
}

@misc{huo2022densityaware,
      title={Density-Aware Personalized Training for Risk Prediction in Imbalanced Medical Data}, 
      author={Zepeng Huo and Xiaoning Qian and Shuai Huang and Zhangyang Wang and Bobak J. Mortazavi},
      year={2022},
      eprint={2207.11382},
      archivePrefix={arXiv},
      primaryClass={cs.LG}
}

@misc{deasy2019impact,
      title={Impact of novel aggregation methods for flexible, time-sensitive EHR prediction without variable selection or cleaning}, 
      author={Jacob Deasy and Ari Ercole and Pietro Li√≤},
      year={2019},
      eprint={1909.08981},
      archivePrefix={arXiv},
      primaryClass={cs.LG}
}

@article{mimiciiibenchmark,
author = {Harutyunyan, Hrayr and Khachatrian, Hrant and Kale, David and Galstyan, Aram},
year = {2019},
month = {06},
pages = {},
title = {Multitask Learning and Benchmarking with Clinical Time Series Data},
volume = {6},
journal = {Scientific Data},
doi = {10.1038/s41597-019-0103-9}
}

@article{tsne,
  author       = {George C. Linderman and
                  Stefan Steinerberger},
  title        = {Clustering with t-SNE, provably},
  journal      = {CoRR},
  volume       = {abs/1706.02582},
  year         = {2017},
  url          = {http://arxiv.org/abs/1706.02582},
  eprinttype    = {arXiv},
  eprint       = {1706.02582},
  timestamp    = {Mon, 13 Aug 2018 16:47:59 +0200},
  biburl       = {https://dblp.org/rec/journals/corr/LindermanS17.bib},
  bibsource    = {dblp computer science bibliography, https://dblp.org}
}